@article{bergot,
    AUTHOR = {Bergot, Morgane and Cohen, Gary and Durufl\'e, Marc},
     TITLE = {Higher-order finite elements for hybrid meshes using new nodal
              pyramidal elements},
   JOURNAL = {J. Sci. Comput.},
  FJOURNAL = {Journal of Scientific Computing},
    VOLUME = {42},
      YEAR = {2010},
    NUMBER = {3},
     PAGES = {345--381},
      ISSN = {0885-7474},
   MRCLASS = {65N30 (65N22)},
  MRNUMBER = {2585588},
MRREVIEWER = {Daniele Boffi},
       URL = {https://doi.org/10.1007/s10915-009-9334-9},
}

@article {Nigam-2012,
  doi       = {10.1093/imanum/drr015},
  title     = {High-order conforming finite elements on pyramids},
  author    = {Nigam, N.; Phillips, J.},
  publisher = {Oxford University Press},
  journal   = {IMA Journal of Numerical Analysis},
  issnp     = {0272-4979},
  issne     = {1464-3642},
  year      = {2012},
  month     = {04},
  day       = {01},
  volume    = {32},
  issue     = {2},
  page      = {448--483},
  url       = {http://gen.lib.rus.ec/scimag/index.php?s=10.1093/imanum/drr015},
}


@article {owenSaigal,
    AUTHOR = {Owen, Steven J. and Saigal, Sunil},
     TITLE = {Formation of pyramid elements for hexahedra to tetrahedra
              transitions},
   JOURNAL = {Comput. Methods Appl. Mech. Engrg.},
  FJOURNAL = {Computer Methods in Applied Mechanics and Engineering},
    VOLUME = {190},
      YEAR = {2001},
    NUMBER = {34},
     PAGES = {4505--4518},
      ISSN = {0045-7825},
   MRCLASS = {65D18 (65N50)},
  MRNUMBER = {1833725},
       URL = {https://doi.org/10.1016/S0045-7825(00)00330-3},
}

@article {MR1866274,
    AUTHOR = {Farhloul, Mohamed and Nicaise, Serge and Paquet, Luc},
     TITLE = {Some mixed finite element methods on anisotropic meshes},
   JOURNAL = {M2AN Math. Model. Numer. Anal.},
  FJOURNAL = {M2AN. Mathematical Modelling and Numerical Analysis},
    VOLUME = {35},
      YEAR = {2001},
    NUMBER = {5},
     PAGES = {907--920},
      ISSN = {0764-583X},
   MRCLASS = {65N30 (65N15)},
  MRNUMBER = {1866274},
MRREVIEWER = {P. Rochus},
       URL = {https://doi.org/10.1051/m2an:2001142},
}

@article{gellertHarbord,
    AUTHOR = {Gellert, M. and Harbord, R.},
     TITLE = {Moderate Degree Cubature Formulas For 3--D Tetrahedral Finite--Element Approximations},
  JOURNAL  = {Com. Appl. Numer. Methods},
  FJOURNAL = {Communications in Applied Numerical Methods},
    VOLUME = {7},
      YEAR = {1991},
     PAGES = {487--495},
      ISSN = {0784-8025},
       DOI = {060487},
}

@article{A-2001,
       doi = {10.1002/1099-1476(20010110)24:1<9::aid-mma191>3.0.co;2-2},
     title = {On traces for functional spaces related to Maxwell's equations Part I: An integration by parts formula in Lipschitz polyhedra},
   author  = {Buffa, A. and Ciarlet Jr., P.},
publisher = {John Wiley and Sons},
journal = {Mathematical Methods in the Applied Sciences},
issnp = {0170-4214},
issne = {1099-1476},
year  = {2001},
volume  = {24},
     issue = {1},
page       = {9--30},
url        = {http://gen.lib.rus.ec/scimag/index.php?s=10.1002/1099-1476(20010110)24:1<9::aid-mma191>3.0.co;2-2},
}

@article{MR2997471,
    AUTHOR = {Beir\~ao da Veiga, L. and Brezzi, F. and Cangiani, A. and
              Manzini, G. and Marini, L. D. and Russo, A.},
     TITLE = {Basic principles of virtual element methods},
   JOURNAL = {Math. Models Methods Appl. Sci.},
  FJOURNAL = {Mathematical Models and Methods in Applied Sciences},
    VOLUME = {23},
      YEAR = {2013},
    NUMBER = {1},
     PAGES = {199--214},
      ISSN = {0218-2025},
   MRCLASS = {65N06},
  MRNUMBER = {2997471},
MRREVIEWER = {Bo\v sko S. Jovanovi\'c},
       URL = {https://doi.org/10.1142/S0218202512500492},
}

@article {bfm,
    AUTHOR = {Brezzi, F. and Falk, Richard S. and Marini, L. Donatella},
     TITLE = {Basic principles of mixed virtual element methods},
   JOURNAL = {ESAIM Math. Model. Numer. Anal.},
  FJOURNAL = {ESAIM. Mathematical Modelling and Numerical Analysis},
    VOLUME = {48},
      YEAR = {2014},
    NUMBER = {4},
     PAGES = {1227--1240},
      ISSN = {0764-583X},
   MRCLASS = {65N30 (65N12 65N15 76S05)},
  MRNUMBER = {3264352},
MRREVIEWER = {Franz Chouly},
       DOI = {10.1051/m2an/2013138},
       URL = {http://dx.doi.org/10.1051/m2an/2013138},
}

@book{monk,
    AUTHOR = {Monk, Peter},
     TITLE = {Finite element methods for {M}axwell's equations},
    SERIES = {Numerical Mathematics and Scientific Computation},
 PUBLISHER = {Oxford University Press, New York},
      YEAR = {2003},
     PAGES = {xiv+450},
      ISBN = {0-19-850888-3},
   MRCLASS = {65-02 (35Q60 65M60 65N30 78-02 78M10)},
  MRNUMBER = {2059447},
MRREVIEWER = {Per L\~A\P tstedt},
       DOI = {10.1093/acprof:oso/9780198508885.001.0001},
       URL = {http://dx.doi.org/10.1093/acprof:oso/9780198508885.001.0001},
}

@book{ricardoMixed,
    AUTHOR = {Dur\'an, Ricardo G.},
     TITLE = {Mixed Finite Element Methods, in Mixed finite elements, compatibility conditions, and
              applications},
    SERIES = {Lecture Notes in Mathematics},
    VOLUME = {1939},
      NOTE = {Lectures given at the C.I.M.E. Summer School held in Cetraro,
              June 26--July 1, 2006,
              Edited by Boffi and Lucia Gastaldi},
 PUBLISHER = {Springer-Verlag, Berlin; Fondazione C.I.M.E., Florence},
      YEAR = {2008},
     PAGES = {x+235},
      ISBN = {978-3-540-78314-5},
   MRCLASS = {65N30 (65-02 65-06 74S05 76M10)},
  MRNUMBER = {2459075},
MRREVIEWER = {Rajen Kumar Sinha},
       DOI = {10.1007/978-3-540-78319-0},
       URL = {http://dx.doi.org/10.1007/978-3-540-78319-0},
}

@article{dupontScott,
    AUTHOR = {Dupont, Todd and Scott, Ridgway},
     TITLE = {Polynomial approximation of functions in {S}obolev spaces},
   JOURNAL = {Math. Comp.},
  FJOURNAL = {Mathematics of Computation},
    VOLUME = {34},
      YEAR = {1980},
    NUMBER = {150},
     PAGES = {441--463},
      ISSN = {0025-5718},
   MRCLASS = {65D15 (41A10)},
  MRNUMBER = {559195},
       DOI = {10.2307/2006095},
       URL = {http://dx.doi.org/10.2307/2006095},
}

@article{apelNicaise,
    AUTHOR = {Apel, Thomas and Nicaise, Serge},
     TITLE = {The finite element method with anisotropic mesh grading for
              elliptic problems in domains with corners and edges},
   JOURNAL = {Math. Methods Appl. Sci.},
  FJOURNAL = {Mathematical Methods in the Applied Sciences},
    VOLUME = {21},
      YEAR = {1998},
    NUMBER = {6},
     PAGES = {519--549},
      ISSN = {0170-4214},
   MRCLASS = {65N30},
  MRNUMBER = {1615426},
MRREVIEWER = {Chuan Miao Chen},
       DOI =
              {10.1002/(SICI)1099-1476(199804)21:6<519::AID-MMA962>3.3.CO;2-I},
       URL =
              {http://dx.doi.org/10.1002/(SICI)1099-1476(199804)21:6<519::AID-MMA962>3.3.CO;2-I},
}

@article{nicaise,
    AUTHOR = {Nicaise, Serge},
     TITLE = {Edge elements on anisotropic meshes and approximation of the
              {M}axwell equations},
   JOURNAL = {SIAM J. Numer. Anal.},
  FJOURNAL = {SIAM Journal on Numerical Analysis},
    VOLUME = {39},
      YEAR = {2001},
    NUMBER = {3},
     PAGES = {784--816},
      ISSN = {0036-1429},
   MRCLASS = {65N30 (65N15 78M25)},
  MRNUMBER = {1860445},
       DOI = {10.1137/S003614290036988X},
       URL = {http://dx.doi.org/10.1137/S003614290036988X},
}

@article{MR3507271,
    AUTHOR = {Beir\~ao da Veiga, Louren\c{c}o and Brezzi, Franco and Marini, Luisa
              Donatella and Russo, Alessandro},
     TITLE = {Mixed virtual element methods for general second order
              elliptic problems on polygonal meshes},
   JOURNAL = {ESAIM Math. Model. Numer. Anal.},
  FJOURNAL = {ESAIM. Mathematical Modelling and Numerical Analysis},
    VOLUME = {50},
      YEAR = {2016},
    NUMBER = {3},
     PAGES = {727--747},
      ISSN = {0764-583X},
   MRCLASS = {65N30 (65N12)},
  MRNUMBER = {3507271},
MRREVIEWER = {Seydi Battal Gazi Karakoc},
       URL = {https://doi.org/10.1051/m2an/2015067},}

@article{ariel,
    AUTHOR = {Lombardi, Ariel L.},
     TITLE = {Interpolation error estimates for edge elements on anisotropic
              meshes},
   JOURNAL = {IMA J. Numer. Anal.},
  FJOURNAL = {IMA Journal of Numerical Analysis},
    VOLUME = {31},
      YEAR = {2011},
    NUMBER = {4},
     PAGES = {1683--1712},
      ISSN = {0272-4979},
   MRCLASS = {65N30 (65N15)},
  MRNUMBER = {2846771},
MRREVIEWER = {Dietrich Braess},
       DOI = {10.1093/imanum/drq016},
       URL = {http://dx.doi.org/10.1093/imanum/drq016},
}

@article{nedelec2,
    AUTHOR = {N\'ed\'elec, J.-C.},
     TITLE = {A new family of mixed finite elements in {${\bf R}^3$}},
   JOURNAL = {Numer. Math.},
  FJOURNAL = {Numerische Mathematik},
    VOLUME = {50},
      YEAR = {1986},
    NUMBER = {1},
     PAGES = {57--81},
      ISSN = {0029-599X},
   MRCLASS = {65N30},
  MRNUMBER = {864305},
MRREVIEWER = {Reinhard Scholz},
       DOI = {10.1007/BF01389668},
       URL = {http://dx.doi.org/10.1007/BF01389668},
}

@article{gh99,
    AUTHOR = {Gradinaru, V. and Hiptmair, R.},
     TITLE = {Whitney elements on pyramids},
   JOURNAL = {Electron. Trans. Numer. Anal.},
  FJOURNAL = {Electronic Transactions on Numerical Analysis},
    VOLUME = {8},
      YEAR = {1999},
     PAGES = {154--168},
      ISSN = {1068-9613},
   MRCLASS = {65N30 (65D15 78M10)},
  MRNUMBER = {1744532},
MRREVIEWER = {Do Young Kwak},
}

@book{rudin,
    AUTHOR = {Rudin, Walter},
     TITLE = {Functional analysis},
      NOTE = {McGraw-Hill Series in Higher Mathematics},
 PUBLISHER = {McGraw-Hill Book Co., New York-D\"usseldorf-Johannesburg},
      YEAR = {1973},
     PAGES = {xiii+397},
   MRCLASS = {46-01},
  MRNUMBER = {0365062},
MRREVIEWER = {F. Smithies},
}

@article {aadl,
    AUTHOR = {Acosta, Gabriel and Apel, Thomas and Dur\'an, Ricardo G. and
              Lombardi, Ariel L.},
     TITLE = {Error estimates for {R}aviart-{T}homas interpolation of any
              order on anisotropic tetrahedra},
   JOURNAL = {Math. Comp.},
  FJOURNAL = {Mathematics of Computation},
    VOLUME = {80},
      YEAR = {2011},
    NUMBER = {273},
     PAGES = {141--163},
      ISSN = {0025-5718},
   MRCLASS = {65N30 (65N12 65N15)},
  MRNUMBER = {2728975},
MRREVIEWER = {Alexandre Ern},
       DOI = {10.1090/S0025-5718-2010-02406-8},
       URL = {http://dx.doi.org/10.1090/S0025-5718-2010-02406-8},
}

@book{adams,
    AUTHOR = {Adams, Robert A.},
     TITLE = {Sobolev spaces},
    SERIES = {Pure and Applied Mathematics},
 PUBLISHER = {Academic Press, New York, San Francisco, London},
      YEAR = {1975},
     PAGES = {xviii+268},
}


@book{ciarlet,
    AUTHOR = {Ciarlet, Philippe G.},
     TITLE = {The finite element method for elliptic problems},
    SERIES = {Classics in Applied Mathematics},
    VOLUME = {40},
      NOTE = {Reprint of the 1978 original [North-Holland, Amsterdam;
              MR0520174 (58 \#25001)]},
 PUBLISHER = {Society for Industrial and Applied Mathematics (SIAM),
              Philadelphia, PA},
      YEAR = {2002},
     PAGES = {xxviii+530},
      ISBN = {0-89871-514-8},
   MRCLASS = {65N30 (65-02 65N15 74G15 74S05)},
  MRNUMBER = {1930132},
       DOI = {10.1137/1.9780898719208},
       URL = {http://dx.doi.org/10.1137/1.9780898719208},
}

@article {MR0483555,
    AUTHOR = {Raviart, P.-A. and Thomas, J. M.},
     TITLE = {A mixed finite element method for 2nd order elliptic problems},
 BOOKTITLE = {Mathematical aspects of finite element methods ({P}roc.
              {C}onf., {C}onsiglio {N}az. delle {R}icerche ({C}.{N}.{R}.),
              {R}ome, 1975)},
     PAGES = {292--315. Lecture Notes in Math., Vol. 606},
 PUBLISHER = {Springer, Berlin},
      YEAR = {1977},
   MRCLASS = {65N30},
  MRNUMBER = {0483555},
MRREVIEWER = {Jan Bochenek},
}

@book{giraultRaviart,
AUTHOR = {Girault, Vivette and Raviart, Pierre-Arnaud},
     TITLE = {Finite element methods for {N}avier-{S}tokes equations},
    SERIES = {Springer Series in Computational Mathematics},
    VOLUME = {5},
      NOTE = {Theory and algorithms},
 PUBLISHER = {Springer-Verlag, Berlin},
      YEAR = {1986},
     PAGES = {x+374},
      ISBN = {3-540-15796-4},
   MRCLASS = {65N30 (65-02 76-08)},
  MRNUMBER = {851383},
MRREVIEWER = {Max D. Gunzburger},
       DOI = {10.1007/978-3-642-61623-5},
       URL = {http://dx.doi.org/10.1007/978-3-642-61623-5},
}

@article{chenDuZou,
    AUTHOR = {Chen, Zhiming and Du, Qiang and Zou, Jun},
     TITLE = {Finite element methods with matching and nonmatching meshes
              for {M}axwell equations with discontinuous coefficients},
   JOURNAL = {SIAM J. Numer. Anal.},
  FJOURNAL = {SIAM Journal on Numerical Analysis},
    VOLUME = {37},
      YEAR = {2000},
    NUMBER = {5},
     PAGES = {1542--1570},
      ISSN = {0036-1429},
   MRCLASS = {78M10 (65M60)},
  MRNUMBER = {1759906},
MRREVIEWER = {Tom Roberts},
       DOI = {10.1137/S0036142998349977},
       URL = {http://dx.doi.org/10.1137/S0036142998349977},
}

@article {alw,
    AUTHOR = {Apel, Thomas and Lombardi, Ariel L. and Winkler, Max},
     TITLE = {Anisotropic mesh refinement in polyhedral domains: error
              estimates with data in {$L^2(\Omega)$}},
   JOURNAL = {ESAIM Math. Model. Numer. Anal.},
  FJOURNAL = {ESAIM. Mathematical Modelling and Numerical Analysis},
    VOLUME = {48},
      YEAR = {2014},
    NUMBER = {4},
     PAGES = {1117--1145},
      ISSN = {0764-583X},
   MRCLASS = {65N30 (65N50)},
  MRNUMBER = {3264348},
MRREVIEWER = {Tsu-Fen Chen},
       DOI = {10.1051/m2an/2013134},
       URL = {http://dx.doi.org/10.1051/m2an/2013134},
}